
% Journals

% First the Full Name is given, then the abbreviation used in the AMS Math
% Reviews, with an indication if it could not be found there.
% Note the 2nd overwrites the 1st, so swap them if you want the full name.

 %{AMS}
 @String{AMSTrans = "American Mathematical Society Translations" }
 @String{AMSTrans = "Amer. Math. Soc. Transl." }
 @String{BullAMS = "Bulletin of the American Mathematical Society" }
 @String{BullAMS = "Bull. Amer. Math. Soc." }
 @String{ProcAMS = "Proceedings of the American Mathematical Society" }
 @String{ProcAMS = "Proc. Amer. Math. Soc." }
 @String{TransAMS = "Transactions of the American Mathematical Society" }
 @String{TransAMS = "Trans. Amer. Math. Soc." }

 %ACM
 @String{CACM = "Communications of the {ACM}" }
 @String{CACM = "Commun. {ACM}" }
 @String{CompServ = "Comput. Surveys" }
 @String{JACM = "J. ACM" }
 @String{ACMMathSoft = "{ACM} Transactions on Mathematical Software" }
 @String{ACMMathSoft = "{ACM} Trans. Math. Software" }
 @String{SIGNUM = "{ACM} {SIGNUM} Newsletter" }
 @String{SIGNUM = "{ACM} {SIGNUM} Newslett." }

 @String{AmerSocio = "American Journal of Sociology" }
 @String{AmerStatAssoc = "Journal of the American Statistical Association" }
 @String{AmerStatAssoc = "J. Amer. Statist. Assoc." }
 @String{ApplMathComp = "Applied Mathematics and Computation" }
 @String{ApplMathComp = "Appl. Math. Comput." }
 @String{AmerMathMonthly = "American Mathematical Monthly" }
 @String{AmerMathMonthly = "Amer. Math. Monthly" }
 @String{BIT = "{BIT}" }
 @String{BritStatPsych = "British Journal of Mathematical and Statistical
          Psychology" }
 @String{BritStatPsych = "Brit. J. Math. Statist. Psych." }
 @String{CanMathBull = "Canadian Mathematical Bulletin" }
 @String{CanMathBull = "Canad. Math. Bull." }
 @String{CompApplMath = "Journal of Computational and Applied Mathematics" }
 @String{CompApplMath = "J. Comput. Appl. Math." }
 @String{CompPhys = "Journal of Computational Physics" }
 @String{CompPhys = "J. Comput. Phys." }
 @String{CompStruct = "Computers and Structures" }
 @String{CompStruct = "Comput. \& Structures" }
 @String{CompJour = "The Computer Journal" }
 @String{CompJour = "Comput. J." }
 @String{CompSysSci = "Journal of Computer and System Sciences" }
 @String{CompSysSci = "J. Comput. System Sci." }
 @String{Computing = "Computing" }
 @String{ContempMath = "Contemporary Mathematics" }
 @String{ContempMath = "Contemp. Math." }
 @String{Crelle = "Crelle's Journal" }
 @String{GiornaleMath = "Giornale di Mathematiche" }
 @String{GiornaleMath = "Giorn. Mat." } % didn't find in AMS MR., ibid.

 %IEEE
 @String{Computer = "{IEEE} Computer" }
 @String{IEEETransComp = "{IEEE} Transactions on Computers" }
 @String{IEEETransComp = "{IEEE} Trans. Comput." }
 @String{IEEETransAC = "{IEEE} Transactions on Automatic Control" }
 @String{IEEETransAC = "{IEEE} Trans. Automat. Control" }
 @String{IEEESpec = "{IEEE} Spectrum" } % didn't find in AMS MR
 @String{ProcIEEE = "Proceedings of the {IEEE}" }
 @String{ProcIEEE = "Proc. {IEEE}" } % didn't find in AMS MR
 @String{IEEETransAeroElec = "{IEEE} Transactions on Aerospace and Electronic
     Systems" }
 @String{IEEETransAeroElec = "{IEEE} Trans. Aerospace Electron. Systems" }

 @String{IMANumerAna = "{IMA} Journal of Numerical Analysis" }
 @String{IMANumerAna = "{IMA} J. Numer. Anal." }
 @String{InfProcLet = "Information Processing Letters" }
 @String{InfProcLet = "Inform. Process. Lett." }
 @String{InstMathApp = "Journal of the Institute of Mathematics and
     its Applications" }
 @String{InstMathApp = "J. Inst. Math. Appl." }
 @String{IntControl = "International Journal of Control" }
 @String{IntControl = "Internat. J. Control" }
 @String{IntNumerEng = "International Journal for Numerical Methods in
     Engineering" }
 @String{IntNumerEng = "Internat. J. Numer. Methods Engrg." }
 @String{IntSuper = "International Journal of Supercomputing Applications" }
 @String{IntSuper = "Internat. J. Supercomputing Applic." } % didn't find
%% in AMS MR
 @String{Kibernetika = "Kibernetika" }
 @String{JResNatBurStand = "Journal of Research of the National Bureau
     of Standards" }
 @String{JResNatBurStand = "J. Res. Nat. Bur. Standards" }
 @String{LinAlgApp = "Linear Algebra and its Applications" }
 @String{LinAlgApp = "Linear Algebra Appl." }
 @String{MathAnaAppl = "Journal of Mathematical Analysis and Applications" }
 @String{MathAnaAppl = "J. Math. Anal. Appl." }
 @String{MathAnnalen = "Mathematische Annalen" }
 @String{MathAnnalen = "Math. Ann." }
 @String{MathPhys = "Journal of Mathematical Physics" }
 @String{MathPhys = "J. Math. Phys." }
 @String{MathComp = "Mathematics of Computation" }
 @String{MathComp = "Math. Comp." }
 @String{MathScand = "Mathematica Scandinavica" }
 @String{MathScand = "Math. Scand." }
 @String{TablesAidsComp = "Mathematical Tables and Other Aids to Computation" }
 @String{TablesAidsComp = "Math. Tables Aids Comput." }
 @String{NumerMath = "Numerische Mathematik" }
 @String{NumerMath = "Numer. Math." }
 @String{PacificMath = "Pacific Journal of Mathematics" }
 @String{PacificMath = "Pacific J. Math." }
 @String{ParDistComp = "Journal of Parallel and Distributed Computing" }
 @String{ParDistComp = "J. Parallel and Distrib. Comput." } % didn't find
%% in AMS MR
 @String{ParComputing = "Parallel Computing" }
 @String{ParComputing = "Parallel Comput." }
 @String{PhilMag = "Philosophical Magazine" }
 @String{PhilMag = "Philos. Mag." }
 @String{ProcNAS = "Proceedings of the National Academy of Sciences
                    of the USA" }
 @String{ProcNAS = "Proc. Nat. Acad. Sci. U. S. A." }
 @String{Psychometrika = "Psychometrika" }
 @String{QuartMath = "Quarterly Journal of Mathematics, Oxford, Series (2)" }
 @String{QuartMath = "Quart. J. Math. Oxford Ser. (2)" }
 @String{QuartApplMath = "Quarterly of Applied Mathematics" }
 @String{QuartApplMath = "Quart. Appl. Math." }
 @String{RevueInstStat = "Review of the International Statisical Institute" }
 @String{RevueInstStat = "Rev. Inst. Internat. Statist." }

 %SIAM
 @String{JSIAM = "Journal of the Society for Industrial and Applied
     Mathematics" }
 @String{JSIAM = "J. Soc. Indust. Appl. Math." }
 @String{JSIAMB = "Journal of the Society for Industrial and Applied
     Mathematics, Series B, Numerical Analysis" }
 @String{JSIAMB = "J. Soc. Indust. Appl. Math. Ser. B Numer. Anal." }
 @String{SIAMAlgMeth = "{SIAM} Journal on Algebraic and Discrete Methods" }
 @String{SIAMAlgMeth = "{SIAM} J. Algebraic Discrete Methods" }
 @String{SIAMAppMath = "{SIAM} Journal on Applied Mathematics" }
 @String{SIAMAppMath = "{SIAM} J. Appl. Math." }
 @String{SIAMComp = "{SIAM} Journal on Computing" }
 @String{SIAMComp = "{SIAM} J. Comput." }
 @String{SIAMMatrix = "{SIAM} Journal on Matrix Analysis and Applications" }
 @String{SIAMMatrix = "{SIAM} J. Matrix Anal. Appl." }
 @String{SIAMNumAnal = "{SIAM} Journal on Numerical Analysis" }
 @String{SIAMNumAnal = "{SIAM} J. Numer. Anal." }
 @String{SIAMReview = "{SIAM} Review" }
 @String{SIAMReview = "{SIAM} Rev." }
 @String{SIAMSciStat = "{SIAM} Journal on Scientific and Statistical
     Computing" }
 @String{SIAMSciStat = "{SIAM} J. Sci. Statist. Comput." }

 @String{SoftPracExp = "Software Practice and Experience" }
 @String{SoftPracExp = "Software Prac. Experience" } % didn't find in AMS MR
 @String{StatScience = "Statistical Science" }
 @String{StatScience = "Statist. Sci." }
 @String{Techno = "Technometrics" }
 @String{USSRCompMathPhys = "{USSR} Computational Mathematics and Mathematical
     Physics" }
 @String{USSRCompMathPhys = "{U. S. S. R.} Comput. Math. and Math. Phys." }
 @String{VLSICompSys = "Journal of {VLSI} and Computer Systems" }
 @String{VLSICompSys = "J. {VLSI} Comput. Syst." }
 @String{ZAngewMathMech = "Zeitschrift fur Angewandte Mathematik und
     Mechanik" }
 @String{ZAngewMathMech = "Z. Angew. Math. Mech." }
 @String{ZAngewMathPhys = "Zeitschrift fur Angewandte Mathematik und Physik" }
 @String{ZAngewMathPhys = "Z. Angew. Math. Phys." }

% Publishers % ================================================= |

 @String{Academic = "Academic Press" }
 @String{ACMPress = "{ACM} Press" }
 @String{AdamHilger = "Adam Hilger" }
 @String{AddisonWesley = "Addison-Wesley" }
 @String{AllynBacon = "Allyn and Bacon" }
 @String{AMS = "American Mathematical Society" }
 @String{Birkhauser = "Birkha{\"u}ser" }
 @String{CambridgePress = "Cambridge University Press" }
 @String{Chelsea = "Chelsea" }
 @String{ClaredonPress = "Claredon Press" }
 @String{DoverPub = "Dover Publications" }
 @String{Eyolles = "Eyolles" }
 @String{HoltRinehartWinston = "Holt, Rinehart and Winston" }
 @String{Interscience = "Interscience" }
 @String{JohnsHopkinsPress = "The Johns Hopkins University Press" }
 @String{JohnWileySons = "John Wiley and Sons" }
 @String{Macmillan = "Macmillan" }
 @String{MathWorks = "The Math Works Inc." }
 @String{McGrawHill = "McGraw-Hill" }
 @String{NatBurStd = "National Bureau of Standards" }
 @String{NorthHolland = "North-Holland" }
 @String{OxfordPress = "Oxford University Press" }  %address Oxford or London?
 @String{PergamonPress = "Pergamon Press" }
 @String{PlenumPress = "Plenum Press" }
 @String{PrenticeHall = "Prentice-Hall" }
 @String{SIAMPub = "{SIAM} Publications" }
 @String{Springer = "Springer-Verlag" }
 @String{TexasPress = "University of Texas Press" }
 @String{VanNostrand = "Van Nostrand" }
 @String{WHFreeman = "W. H. Freeman and Co." }


%%%%%%%%%%%%%%%%%%%%%%%%%%
% Starting our citations %
%%%%%%%%%%%%%%%%%%%%%%%%%%



@article{wang2016secure,
  title={Secure searchable encryption: a survey},
  author={Wang, Yunling and Wang, Jianfeng and Chen, Xiaofeng},
  journal={Journal of communications and information networks},
  volume={1},
  number={4},
  pages={52--65},
  year={2016},
  publisher={Springer}
}

@article{dikaiakos2009cloud,
  title={Cloud computing: Distributed internet computing for IT and scientific research},
  author={Dikaiakos, Marios D and Katsaros, Dimitrios and Mehra, Pankaj and Pallis, George and Vakali, Athena},
  journal={IEEE Internet computing},
  volume={13},
  number={5},
  pages={10--13},
  year={2009},
  publisher={IEEE}
}



@article{wang2010cloud,
  title={Cloud computing: a perspective study},
  author={Wang, Lizhe and Von Laszewski, Gregor and Younge, Andrew and He, Xi and Kunze, Marcel and Tao, Jie and Fu, Cheng},
  journal={New Generation Computing},
  volume={28},
  number={2},
  pages={137--146},
  year={2010},
  publisher={Springer}
}


@article{elgamal1985public,
  title={A public key cryptosystem and a signature scheme based on discrete logarithms},
  author={ElGamal, Taher},
  journal={IEEE transactions on information theory},
  volume={31},
  number={4},
  pages={469--472},
  year={1985},
  publisher={IEEE}
}

@InProceedings{ishai2007evaluating,
author="Ishai, Yuval
and Paskin, Anat",
editor="Vadhan, Salil P.",
title="Evaluating Branching Programs on Encrypted Data",
booktitle="Theory of Cryptography",
year="2007",
publisher="Springer Berlin Heidelberg",
address="Berlin, Heidelberg",
pages="575--594",
abstract="We present a public-key encryption scheme with the following properties. Given a branching program P and an encryption c of an input x, it is possible to efficiently compute a succinct ciphertext c{\textasciiacutex} from which P(x) can be efficiently decoded using the secret key. The size of c{\textasciiacutex} depends polynomially on the size of x and the length of P, but does not further depend on the size of P. As interesting special cases, one can efficiently evaluate finite automata, decision trees, and OBDDs on encrypted data, where the size of the resulting ciphertext c{\textasciiacutex} does not depend on the size of the object being evaluated. These are the first general representation models for which such a feasibility result is shown. Our main construction generalizes the approach of Kushilevitz and Ostrovsky (FOCS 1997) for constructing single-server Private Information Retrieval protocols.",
isbn="978-3-540-70936-7"
}

@InProceedings{boneh2005evaluating,
author="Boneh, Dan
and Goh, Eu-Jin
and Nissim, Kobbi",
editor="Kilian, Joe",
title="Evaluating 2-DNF Formulas on Ciphertexts",
booktitle="Theory of Cryptography",
year="2005",
publisher="Springer Berlin Heidelberg",
address="Berlin, Heidelberg",
pages="325--341",
abstract="Let $\psi$ be a 2-DNF formula on boolean variables x1,...,xn∈ {\{}0,1{\}}. We present a homomorphic public key encryption scheme that allows the public evaluation of $\psi$ given an encryption of the variables x1,...,xn. In other words, given the encryption of the bits x1,...,xn, anyone can create the encryption of $\psi$(x1,...,xn). More generally, we can evaluate quadratic multi-variate polynomials on ciphertexts provided the resulting value falls within a small set. We present a number of applications of the system:",
isbn="978-3-540-30576-7"
}



@inproceedings{sander1999non,
  title={Non-interactive cryptocomputing for nc/sup 1},
  author={Sander, Tomas and Young, Adam and Yung, Moti},
  booktitle={40th Annual Symposium on Foundations of Computer Science (Cat. No. 99CB37039)},
  pages={554--566},
  year={1999},
  publisher={IEEE},
  address={New Jersey, United States}
}



@InProceedings{chen2017simple,
author="Chen, Hao
and Laine, Kim
and Player, Rachel",
editor="Brenner, Michael
and Rohloff, Kurt
and Bonneau, Joseph
and Miller, Andrew
and Ryan, Peter Y.A.
and Teague, Vanessa
and Bracciali, Andrea
and Sala, Massimiliano
and Pintore, Federico
and Jakobsson, Markus",
title="Simple Encrypted Arithmetic Library - SEAL v2.1",
booktitle="Financial Cryptography and Data Security",
year="2017",
publisher="Springer International Publishing",
address="Cham",
pages="3--18",
abstract="Achieving fully homomorphic encryption was a longstanding open problem in cryptography until it was resolved by Gentry in 2009. Soon after, several homomorphic encryption schemes were proposed. The early homomorphic encryption schemes were extremely impractical, but recently new implementations, new data encoding techniques, and a better understanding of the applications have started to change the situation. In this paper we introduce the most recent version (v2.1) of Simple Encrypted Arithmetic Library - SEAL, a homomorphic encryption library developed by Microsoft Research, and describe some of its core functionality.",
isbn="978-3-319-70278-0"
}



@article{chillotti2018tfhe,
  title={Tfhe: Fast fully homomorphic encryption over the torus},
  author={Chillotti, Ilaria and Gama, Nicolas and Georgieva, Mariya and Izabach{\`e}ne, Malika},
  journal={Journal of Cryptology},
  pages={1--58},
  year={2018},
  publisher={Springer},
address="Berlin, Heidelberg",
}


  @inproceedings{perl2015implementation,
 author = {Perl, Henning and Brenner, Michael and Smith, Matthew},
 title = {Poster: An Implementation of the Fully Homomorphic Smart-Vercauteren Crypto-System},
 year = {2011},
 isbn = {9781450309486},
 publisher = {Association for Computing Machinery},
 address = {New York, NY, USA},
 url = {https://doi.org/10.1145/2046707.2093506},
 doi = {10.1145/2046707.2093506},
 booktitle = {Proceedings of the 18th ACM Conference on Computer and Communications Security},
 pages = {837–840},
 numpages = {4},
 keywords = {implementation, homomorphic encryption},
 location = {Chicago, Illinois, USA},
 series = {CCS ’11}
}




@online{halevi2013implementation,
author ={Halevi, Shai and Shoup, Victor},
year = {2013},
title ={An Implementation of homomorphic encryption},
url ={https://github.com/shaih/HElib},
lastaccessed ={November 2, 2019},
}


@inproceedings{song2000practical,
author = {Song, Dawn Xiaodong and Wagner, David and Perrig, Adrian},
title = {Practical Techniques for Searches on Encrypted Data},
year = {2000},
isbn = {0769506658},
publisher = {IEEE Computer Society},
address = {USA},
booktitle = {Proceedings of the 2000 IEEE Symposium on Security and Privacy},
pages = {44},
numpages = {1},
series = {SP ’00}
}


@article{ning2018passive,
  title={Passive attacks against searchable encryption},
  author={Ning, Jianting and Xu, Jia and Liang, Kaitai and Zhang, Fan and Chang, Ee-Chien},
  journal={IEEE Transactions on Information Forensics and Security},
  volume={14},
  number={3},
  pages={789--802},
  year={2018},
  publisher={IEEE}
}

@article{goh2003secure,
  title={Secure indexes.},
  author={Goh, Eu-Jin and others},
  journal={IACR Cryptology ePrint Archive},
  volume={2003},
  pages={216},
  year={2003}
}


@InProceedings{chang2005privacy,
author="Chang, Yan-Cheng
and Mitzenmacher, Michael",
editor="Ioannidis, John
and Keromytis, Angelos
and Yung, Moti",
title="Privacy Preserving Keyword Searches on Remote Encrypted Data",
booktitle="Applied Cryptography and Network Security",
year="2005",
publisher="Springer Berlin Heidelberg",
address="Berlin, Heidelberg",
pages="442--455",
abstract="We consider the following problem: a user {\$}{\backslash}mathcal{\{}U{\}}{\$}wants to store his files in an encrypted form on a remote file server {\$}{\backslash}mathcal{\{}S{\}}{\$}. Later the user {\$}{\backslash}mathcal{\{}U{\}}{\$}wants to efficiently retrieve some of the encrypted files containing (or indexed by) specific keywords, keeping the keywords themselves secret and not jeopardizing the security of the remotely stored files. For example, a user may want to store old e-mail messages encrypted on a server managed by Yahoo or another large vendor, and later retrieve certain messages while travelling with a mobile device.",
isbn="978-3-540-31542-1"
}



@article{curtmola2011searchable,
  title={Searchable symmetric encryption: improved definitions and efficient constructions},
  author={Curtmola, Reza and Garay, Juan and Kamara, Seny and Ostrovsky, Rafail},
  journal={Journal of Computer Security},
  volume={19},
  number={5},
  pages={895--934},
  year={2011},
  publisher={IOS Press}
}

@inproceedings {197239,
author = {Yupeng Zhang and Jonathan Katz and Charalampos Papamanthou},
title = {All Your Queries Are Belong to Us: The Power of File-Injection Attacks on Searchable Encryption},
booktitle = {25th {USENIX} Security Symposium ({USENIX} Security 16)},
year = {2016},
isbn = {978-1-931971-32-4},
address = {Austin, TX},
pages = {707--720},
url = {https://www.usenix.org/conference/usenixsecurity16/technical-sessions/presentation/zhang},
publisher = {{USENIX} Association},
month = aug,
}

  @inproceedings{van2010computationally,
 author = {Van Liesdonk, Peter and Sedghi, Saeed and Doumen, Jeroen and Hartel, Pieter and Jonker, Willem},
 title = {Computationally Efficient Searchable Symmetric Encryption},
 year = {2010},
 isbn = {3642155456},
 publisher = {Springer-Verlag},
 address = {Berlin, Heidelberg},
 booktitle = {Proceedings of the 7th VLDB Conference on Secure Data Management},
 pages = {87–100},
 numpages = {14},
 location = {Singapore},
 series = {SDM’10}
}

@inproceedings{kamara2012dynamic,
  title={Dynamic searchable symmetric encryption},
  author={Kamara, Seny and Papamanthou, Charalampos and Roeder, Tom},
  booktitle={Proceedings of the 2012 ACM conference on Computer and communications security},
  pages={965--976},
  year={2012},
  publisher={ACM},
  address={New York, NY, United States}
}

@inproceedings{kamara2013parallel,
  title={Parallel and dynamic searchable symmetric encryption},
  author={Kamara, Seny and Papamanthou, Charalampos},
  booktitle={International Conference on Financial Cryptography and Data Security},
  pages={258--274},
  year={2013},
  organization={Springer},
  publisher="Springer Berlin Heidelberg",
address="Berlin, Heidelberg",
}

@article{akavia2019setup,
  title={Setup-free secure search on encrypted data: Faster and post-processing free},
  author={Akavia, Adi and Gentry, Craig and Halevi, Shai and Leibovich, Max},
  journal={Proceedings on Privacy Enhancing Technologies},
  volume={2019},
  number={3},
  pages={87--107},
  year={2019},
  publisher={Sciendo}
}


@inproceedings{stefanov2014practical,
  title={Practical Dynamic Searchable Encryption with Small Leakage.},
  author={Stefanov, Emil and Papamanthou, Charalampos and Shi, Elaine},
  booktitle={NDSS},
  volume={71},
  pages={72--75},
  year={2014},
   publisher = {The Internet Society},
  address={Virginia, United States},
}


@inproceedings{cash2014dynamic,
  title={Dynamic searchable encryption in very-large databases: data structures and implementation.},
  author={Cash, David and Jaeger, Joseph and Jarecki, Stanislaw and Jutla, Charanjit S and Krawczyk, Hugo and Rosu, Marcel-Catalin and Steiner, Michael},
  booktitle={NDSS},
  volume={14},
  pages={23--26},
  year={2014},
  organization={Citeseer}
}


@inproceedings{b11,
  title={Dynamic searchable encryption via blind storage},
  author={Naveed, Muhammad and Prabhakaran, Manoj and Gunter, Carl A},
  booktitle={2014 IEEE Symposium on Security and Privacy},
  pages={639--654},
  year={2014},
  organization={IEEE}
}

@inproceedings{b12,
  title={Searchable encryption with secure and efficient updates},
  author={Hahn, Florian and Kerschbaum, Florian},
  booktitle={Proceedings of the 2014 ACM SIGSAC Conference on Computer and Communications Security},
  pages={310--320},
  year={2014},
  organization={ACM},
  publisher = {ACM},
address = {New York, NY, USA},
}

@inproceedings{b13,
  title={Dynamic symmetric searchable encryption from constrained functional encryption},
  author={Gajek, Sebastian},
  booktitle={Cryptographers’ Track at the RSA Conference},
  pages={75--89},
  year={2016},
  organization={Springer}
}

@InProceedings{boneh2004public,
author="Boneh, Dan
and Di Crescenzo, Giovanni
and Ostrovsky, Rafail
and Persiano, Giuseppe",
editor="Cachin, Christian
and Camenisch, Jan L.",
title="Public Key Encryption with Keyword Search",
booktitle="Advances in Cryptology - EUROCRYPT 2004",
year="2004",
publisher="Springer Berlin Heidelberg",
address="Berlin, Heidelberg",
pages="506--522",
abstract="We study the problem of searching on data that is encrypted using a public key system. Consider user Bob who sends email to user Alice encrypted under Alice's public key. An email gateway wants to test whether the email contains the keyword ``urgent'' so that it could route the email accordingly. Alice, on the other hand does not wish to give the gateway the ability to decrypt all her messages. We define and construct a mechanism that enables Alice to provide a key to the gateway that enables the gateway to test whether the word ``urgent'' is a keyword in the email without learning anything else about the email. We refer to this mechanism as Public Key Encryption with keyword Search. As another example, consider a mail server that stores various messages publicly encrypted for Alice by others. Using our mechanism Alice can send the mail server a key that will enable the server to identify all messages containing some specific keyword, but learn nothing else. We define the concept of public key encryption with keyword search and give several constructions.",
isbn="978-3-540-24676-3"
}



@article{peng2019danger,
  author    = {Zhiniang Peng},
  title     = {Danger of using fully homomorphic encryption: {A} look at Microsoft {SEAL}},
  journal   = {CoRR},
  volume    = {abs/1906.07127},
  year      = {2019},
  url       = {http://arxiv.org/abs/1906.07127},
  archivePrefix = {arXiv},
  eprint    = {1906.07127},
  timestamp = {Mon, 24 Jun 2019 17:28:45 +0200},
  biburl    = {https://dblp.org/rec/bib/journals/corr/abs-1906-07127},
  bibsource = {dblp computer science bibliography, https://dblp.org}
}

@InProceedings{di2007public,
author="Di Crescenzo, Giovanni
and Saraswat, Vishal",
editor="Srinathan, K.
and Rangan, C. Pandu
and Yung, Moti",
title="Public Key Encryption with Searchable Keywords Based on Jacobi Symbols",
booktitle="Progress in Cryptology -- INDOCRYPT 2007",
year="2007",
publisher="Springer Berlin Heidelberg",
address="Berlin, Heidelberg",
pages="282--296",
abstract="Public-key encryption schemes with searchable keywords are useful to delegate searching capabilities on encrypted data to a third party, who does not hold the entire secret key, but only an appropriate token which allows searching operations but preserves data privacy. Such notion was previously proved to imply identity-based public-key encryption [5] and to be equivalent to anonymous (or key-private) identity-based encryption which are useful for fully-private communication.",
isbn="978-3-540-77026-8"
}



@InProceedings{bellare2007deterministic,
author="Bellare, Mihir
and Boldyreva, Alexandra
and O'Neill, Adam",
editor="Menezes, Alfred",
title="Deterministic and Efficiently Searchable Encryption",
booktitle="Advances in Cryptology - CRYPTO 2007",
year="2007",
publisher="Springer Berlin Heidelberg",
address="Berlin, Heidelberg",
pages="535--552",
abstract="We present as-strong-as-possible definitions of privacy, and constructions achieving them, for public-key encryption schemes where the encryption algorithm is deterministic. We obtain as a consequence database encryption methods that permit fast (i.e. sub-linear, and in fact logarithmic, time) search while provably providing privacy that is as strong as possible subject to this fast search constraint. One of our constructs, called RSA-DOAEP, has the added feature of being length preserving, so that it is the first example of a public-key cipher. We generalize this to obtain a notion of efficiently-searchable encryption schemes which permit more flexible privacy to search-time trade-offs via a technique called bucketization. Our results answer much-asked questions in the database community and provide foundations for work done there.",
isbn="978-3-540-74143-5"
}


@InProceedings{byun2006off,
author="Byun, Jin Wook
and Rhee, Hyun Suk
and Park, Hyun-A
and Lee, Dong Hoon",
editor="Jonker, Willem
and Petkovi{\'{c}}, Milan",
title="Off-Line Keyword Guessing Attacks on Recent Keyword Search Schemes over Encrypted Data",
booktitle="Secure Data Management",
publisher="Springer Berlin Heidelberg",
address="Berlin, Heidelberg",
pages="75--83",
abstract="A keyword search scheme over encrypted documents allows for remote keyword search of documents by a user in possession of a trapdoor (secret key). A data supplier first uploads encrypted documents on a storage system, and then a user of the storage system searches documents containing keywords while insider (such as administrators of the storage system) and outsider attackers do not learn anything else about the documents.",
isbn="978-3-540-38987-3",
year="2006"
}

@article{chen2016server,
  title={Server-aided public key encryption with keyword search},
  author={Chen, Rongmao and Mu, Yi and Yang, Guomin and Guo, Fuchun and Huang, Xinyi and Wang, Xiaofen and Wang, Yongjun},
  journal={IEEE Transactions on Information Forensics and Security},
  volume={11},
  number={12},
  pages={2833--2842},
  year={2016},
  publisher={IEEE}
}

@article{garg2016candidate,
  title={Candidate indistinguishability obfuscation and functional encryption for all circuits},
  author={Garg, Sanjam and Gentry, Craig and Halevi, Shai and Raykova, Mariana and Sahai, Amit and Waters, Brent},
  journal={SIAM Journal on Computing},
  volume={45},
  number={3},
  pages={882--929},
  year={2016},
  publisher={SIAM}
}


@article{huang2017efficient,
  title={An efficient public-key searchable encryption scheme secure against inside keyword guessing attacks},
  author={Huang, Qiong and Li, Hongbo},
  journal={Information Sciences},
  volume={403},
  pages={1--14},
  year={2017},
  publisher={Elsevier}
}

@article{rhee2010trapdoor,
  title={Trapdoor security in a searchable public-key encryption scheme with a designated tester},
  author={Rhee, Hyun Sook and Park, Jong Hwan and Susilo, Willy and Lee, Dong Hoon},
  journal={Journal of Systems and Software},
  volume={83},
  number={5},
  pages={763--771},
  year={2010},
  publisher={Elsevier}
}

@article{fang2013public,
  title={Public key encryption with keyword search secure against keyword guessing attacks without random oracle},
  author={Fang, Liming and Susilo, Willy and Ge, Chunpeng and Wang, Jiandong},
  journal={Information Sciences},
  volume={238},
  pages={221--241},
  year={2013},
  publisher={Elsevier}
}

@article{jeong2009constructing,
  title={Constructing PEKS schemes secure against keyword guessing attacks is possible?},
  author={Jeong, Ik Rae and Kwon, Jeong Ok and Hong, Dowon and Lee, Dong Hoon},
  journal={Computer communications},
  volume={32},
  number={2},
  pages={394--396},
  year={2009},
  publisher={Elsevier}
}

@inproceedings{golle2004secure,
  title={Secure conjunctive keyword search over encrypted data},
  author={Golle, Philippe and Staddon, Jessica and Waters, Brent},
  booktitle={International Conference on Applied Cryptography and Network Security},
  pages={31--45},
  year={2004},
  organization={Springer}
}

@inproceedings{ballard2005achieving,
  title={Achieving efficient conjunctive keyword searches over encrypted data},
  author={Ballard, Lucas and Kamara, Seny and Monrose, Fabian},
  booktitle={International Conference on Information and Communications Security},
  pages={414--426},
  year={2005},
  organization={Springer}
}

@inproceedings{park2004public,
  title={Public key encryption with conjunctive field keyword search},
  author={Park, Dong Jin and Kim, Kihyun and Lee, Pil Joong},
  booktitle={International Workshop on Information Security Applications},
  pages={73--86},
  year={2004},
  organization={Springer}
}

@inproceedings{cash2013highly,
  title={Highly-scalable searchable symmetric encryption with support for boolean queries},
  author={Cash, David and Jarecki, Stanislaw and Jutla, Charanjit and Krawczyk, Hugo and Ro{\c{s}}u, Marcel-C{\u{a}}t{\u{a}}lin and Steiner, Michael},
  booktitle={Annual Cryptology Conference},
  pages={353--373},
  year={2013},
  organization={Springer}
}

@inproceedings{katz2008predicate,
  title={Predicate encryption supporting disjunctions, polynomial equations, and inner products},
  author={Katz, Jonathan and Sahai, Amit and Waters, Brent},
  booktitle={annual international conference on the theory and applications of cryptographic techniques},
  pages={146--162},
  year={2008},
  organization={Springer}
}
@inproceedings{shen2009predicate,
  title={Predicate privacy in encryption systems},
  author={Shen, Emily and Shi, Elaine and Waters, Brent},
  booktitle={Theory of Cryptography Conference},
  pages={457--473},
  year={2009},
  organization={Springer}
}

@inproceedings{lewko2010fully,
  title={Fully secure functional encryption: Attribute-based encryption and (hierarchical) inner product encryption},
  author={Lewko, Allison and Okamoto, Tatsuaki and Sahai, Amit and Takashima, Katsuyuki and Waters, Brent},
  booktitle={Annual International Conference on the Theory and Applications of Cryptographic Techniques},
  pages={62--91},
  year={2010},
  organization={Springer}
}

@inproceedings{swaminathan2007confidentiality,
  title={Confidentiality-preserving rank-ordered search},
  author={Swaminathan, Ashwin and Mao, Yinian and Su, Guan-Ming and Gou, Hongmei and Varna, Avinash L and He, Shan and Wu, Min and Oard, Douglas W},
  booktitle={Proceedings of the 2007 ACM workshop on Storage security and survivability},
  pages={7--12},
  year={2007},
  organization={ACM},
  publisher = {ACM},
address = {New York, NY, USA},
}

@inproceedings{zerr2009zerber+,
  title={Zerber+ r: Top-k retrieval from a confidential index},
  author={Zerr, Sergej and Olmedilla, Daniel and Nejdl, Wolfgang and Siberski, Wolf},
  booktitle={Proceedings of the 12th International Conference on Extending Database Technology: Advances in Database Technology},
  pages={439--449},
  year={2009},
  organization={ACM},
  publisher = {ACM},
address = {New York, NY, USA},
}

@inproceedings{zheng2014vabks,
  title={VABKS: verifiable attribute-based keyword search over outsourced encrypted data},
  author={Zheng, Qingji and Xu, Shouhuai and Ateniese, Giuseppe},
  booktitle={IEEE INFOCOM 2014-IEEE Conference on Computer Communications},
  pages={522--530},
  year={2014},
  publisher={IEEE},
  address={New Jersey, United States}
}

@inproceedings{liu2014efficient,
  title={Efficient verifiable public key encryption with keyword search based on KP-ABE},
  author={Liu, Pengliang and Wang, Jianfneg and Ma, Hua and Nie, Haixin},
  booktitle={2014 Ninth International Conference on Broadband and Wireless Computing, Communication and Applications},
  pages={584--589},
  year={2014},
  publisher={IEEE},
  address={New Jersey, United States}
}



@inproceedings{wang2010secure,
author = {Wang, Cong and Cao, Ning and Li, Jin and Ren, Kui and Lou, Wenjing},
title = {Secure Ranked Keyword Search over Encrypted Cloud Data},
year = {2010},
isbn = {9780769540597},
publisher = {IEEE Computer Society},
address = {USA},
url = {https://doi.org/10.1109/ICDCS.2010.34},
doi = {10.1109/ICDCS.2010.34},
booktitle = {Proceedings of the 2010 IEEE 30th International Conference on Distributed Computing Systems},
pages = {253–262},
numpages = {10},
series = {ICDCS ’10}
}


@article{wang2011enabling,
  title={Enabling secure and efficient ranked keyword search over outsourced cloud data},
  author={Wang, Cong and Cao, Ning and Ren, Kui and Lou, Wenjing},
  journal={IEEE Transactions on parallel and distributed systems},
  volume={23},
  number={8},
  year={2011},
  pages={1467--1479},
  publisher={IEEE}
}

@article{cao2013privacy,
  title={Privacy-preserving multi-keyword ranked search over encrypted cloud data},
  author={Cao, Ning and Wang, Cong and Li, Ming and Ren, Kui and Lou, Wenjing},
  journal={IEEE Transactions on parallel and distributed systems},
  volume={25},
  number={1},
  year={2013},
  pages={222--233},
  publisher={IEEE}
}

@article{sun2013verifiable,
  title={Verifiable privacy-preserving multi-keyword text search in the cloud supporting similarity-based ranking},
  author={Sun, Wenhai and Wang, Bing and Cao, Ning and Li, Ming and Lou, Wenjing and Hou, Y Thomas and Li, Hui},
  journal={IEEE Transactions on Parallel and Distributed Systems},
  volume={25},
  number={11},
  pages={3025--3035},
  year={2013},
  publisher={IEEE}
}

@article{xia2015secure,
  author={Xia, Zhihua and Wang, Xinhui and Sun, Xingming and Wang, Qian},
  title={A secure and dynamic multi-keyword ranked search scheme over encrypted cloud data},
  journal={IEEE transactions on parallel and distributed systems},
  volume={27},
  number={2},
  year={2015},
  pages={340--352},
  publisher={IEEE}
}

@inproceedings{kabir2017dynamic,
  title={A dynamic searchable encryption scheme for secure cloud server operation reserving multi-keyword ranked search},
  author={Kabir, Tasnim and Adnan, Muhammad Abdullah},
  booktitle={2017 4th International Conference on Networking, Systems and Security (NSysS)},
  pages={1--9},
  year={2017},
  organization={IEEE},
   publisher = {ICPS},
 address = {Dhaka, Bangladesh}
}

@inproceedings{canetti2017chosen,
  title={Chosen-ciphertext secure fully homomorphic encryption},
  author={Canetti, Ran and Raghuraman, Srinivasan and Richelson, Silas and Vaikuntanathan, Vinod},
  booktitle={IACR International Workshop on Public Key Cryptography},
  pages={213--240},
  year={2017},
  publisher="Springer Berlin Heidelberg",
address="Berlin, Heidelberg",
}
@inproceedings{kim2017forward,
  title={Forward secure dynamic searchable symmetric encryption with efficient updates},
  author={Kim, Kee Sung and Kim, Minkyu and Lee, Dongsoo and Park, Je Hong and Kim, Woo-Hwan},
  booktitle={Proceedings of the 2017 ACM SIGSAC Conference on Computer and Communications Security},
  pages={1449--1463},
  year={2017},
  organization={ACM},
publisher = {ACM},
address = {New York, NY, USA},
  
}

@inproceedings{garg2016tworam,
  title={TWORAM: efficient oblivious RAM in two rounds with applications to searchable encryption},
  author={Garg, Sanjam and Mohassel, Payman and Papamanthou, Charalampos},
  booktitle={Annual International Cryptology Conference},
  pages={563--592},
  year={2016},
  organization={Springer}
}



@article{chen2019lightweight,
  title={Lightweight Searchable Public-key Encryption with Forward Privacy over IIoT Outsourced Data},
  author={Chen, Biwen and Wu, Libing and Kumar, Neeraj and Choo, Kim-Kwang Raymond and He, Debiao},
  journal={IEEE Transactions on Emerging Topics in Computing},
  year={2019},
  publisher={IEEE}
}


@InProceedings{halevi2018round,
author="Halevi, Shai
and Hazay, Carmit
and Polychroniadou, Antigoni
and Venkitasubramaniam, Muthuramakrishnan",
editor="Shacham, Hovav
and Boldyreva, Alexandra",
title="Round-Optimal Secure Multi-Party Computation",
booktitle="Advances in Cryptology -- CRYPTO 2018",
year="2018",
publisher="Springer International Publishing",
address="Cham",
pages="488--520",
abstract="Secure multi-party computation (MPC) is a central cryptographic task that allows a set of mutually distrustful parties to jointly compute some function of their private inputs where security should hold in the presence of a malicious adversary that can corrupt any number of parties. Despite extensive research, the precise round complexity of this ``standard-bearer'' cryptographic primitive is unknown. Recently, Garg, Mukherjee, Pandey and Polychroniadou, in EUROCRYPT 2016 demonstrated that the round complexity of any MPC protocol relying on black-box proofs of security in the plain model must be at least four. Following this work, independently Ananth, Choudhuri and Jain, CRYPTO 2017 and Brakerski, Halevi, and Polychroniadou, TCC 2017 made progress towards solving this question and constructed four-round protocols based on non-polynomial time assumptions. More recently, Ciampi, Ostrovsky, Siniscalchi and Visconti in TCC 2017 closed the gap for two-party protocols by constructing a four-round protocol from polynomial-time assumptions. In another work, Ciampi, Ostrovsky, Siniscalchi and Visconti TCC 2017 showed how to design a four-round multi-party protocol for the specific case of multi-party coin-tossing.",
isbn="978-3-319-96881-0"
}




@inproceedings{zhang2016pvsae,
  title={PVSAE: A public verifiable searchable encryption service framework for outsourced encrypted data},
  author={Zhang, Rui and Xue, Rui and Yu, Ting and Liu, Ling},
  booktitle={2016 IEEE International Conference on Web Services (ICWS)},
  pages={428--435},
  year={2016},
  publisher={IEEE},
  address={New Jersey, United States}
}

@article{miao2017vcse,
  title={VCSE: Verifiable conjunctive keywords search over encrypted data without secure-channel},
  author={Miao, Yinbin and Ma, Jianfeng and Wei, Fushan and Liu, Zhiquan and Wang, Xu An and Lu, Cunbo},
  journal={Peer-to-Peer Networking and Applications},
  volume={10},
  number={4},
  pages={995--1007},
  year={2017},
  publisher={Springer}
}






@inproceedings{yau2008off,
author = {Yau, Wei-Chuen and Heng, Swee-Huay and Goi, Bok-Min},
title = {Off-Line Keyword Guessing Attacks on Recent Public Key Encryption with Keyword Search Schemes},
year = {2008},
isbn = {9783540692942},
publisher = {Springer-Verlag},
address = {Berlin, Heidelberg},
doi = {10.1007/978-3-540-69295-9_10},
booktitle = {Proceedings of the 5th International Conference on Autonomic and Trusted Computing},
pages = {100–105},
numpages = {6},
keywords = {off-line keyword guessing attack, public key encryption, database security, privacy, Searching on encrypted data},
location = {Oslo, Norway},
series = {ATC ’08}
}




@article{noroozi2019public,
  title={Public-key encryption with keyword search: a generic construction secure against online and offline keyword guessing attacks},
  author={Noroozi, Mahnaz and Eslami, Ziba},
  journal={Journal of Ambient Intelligence and Humanized Computing},
  pages={1--12},
  year={2019},
 publisher="Springer Berlin Heidelberg",
address="Berlin, Heidelberg",}
  
}


@article{liu2017ffsse,
  title={FFSSE: Flexible Forward Secure Searchable Encryption with Efficient Performance.},
  author={Liu, Zheli and Lv, Siyi and Wei, Yu and Li, Jin and Liu, Joseph K and Xiang, Yang},
  journal={IACR Cryptology ePrint Archive},
  volume={2017},
  pages={1105},
  year={2017}
}

@article{etemad2018efficient,
  title={Efficient dynamic searchable encryption with forward privacy},
  author={Etemad, Mohammad and K{\"u}p{\c{c}}{\"u}, Alptekin and Papamanthou, Charalampos and Evans, David},
  journal={Proceedings on Privacy Enhancing Technologies},
  volume={2018},
  number={1},
  pages={5--20},
  year={2018},
  publisher={De Gruyter Open}
}





@article{smithamol2018pecs,
  title={PECS: Privacy enhanced conjunctive search over encrypted data in the cloud supporting parallel search},
  author={Smithamol, Mukalel Bhaskaran and Sridhar, Rajeswari},
  journal={Computer Communications},
  volume={126},
  pages={50--63},
  year={2018},
  publisher={Elsevier}
}

@article{peng2018efficient,
  title={An efficient ranked multi-keyword search for multiple data owners over encrypted cloud data},
  author={Peng, Tianyue and Lin, Yaping and Yao, Xin and Zhang, Wei},
  journal={IEEE Access},
  volume={6},
  pages={21924--21933},
  year={2018},
  publisher={IEEE}
}

@article{zhang2019fs,
  title={FS-PEKS: Lattice-based Forward Secure Public-key Encryption with Keyword Search for Cloud-assisted Industrial Internet of Things},
  author={Zhang, Xiaojun and Xu, Chunxiang and Wang, Huaxiong and Zhang, Yuan and Wang, Shixiong},
  journal={IEEE Transactions on Dependable and Secure Computing},
  year={2019},
  publisher={IEEE},
  address={New Jersey, United States}
}

@article{liu2014search,
  title={Search pattern leakage in searchable encryption: Attacks and new construction},
  author={Liu, Chang and Zhu, Liehuang and Wang, Mingzhong and Tan, Yu-An},
  journal={Information Sciences},
  volume={265},
  pages={176--188},
  year={2014},
  publisher={Elsevier}
}

@inproceedings{Islam2012AccessPD,
  title={Access Pattern disclosure on Searchable Encryption: Ramification, Attack and Mitigation},
  author={Mohammad Saiful Islam and Mehmet Kuzu and Murat Kantarcioglu},
    volume={20},
  pages={12},
  year={2012},
  organization={Citeseer},
  booktitle={NDSS},
  publisher = {The Internet Society},
  address={Virginia, United States},

}





@article{acar2018survey,
  title={A survey on homomorphic encryption schemes: Theory and implementation},
  author={Acar, Abbas and Aksu, Hidayet and Uluagac, A Selcuk and Conti, Mauro},
  journal={ACM Computing Surveys (CSUR)},
  volume={51},
  number={4},
  pages={79},
  year={2018},
  publisher={ACM},
address = {New York, NY, USA},
}

@inproceedings{naehrig2011can,
  title={Can homomorphic encryption be practical?},
  author={Naehrig, Michael and Lauter, Kristin and Vaikuntanathan, Vinod},
  booktitle={Proceedings of the 3rd ACM workshop on Cloud computing security workshop},
  pages={113--124},
  year={2011},
  organization={ACM},
  publisher = {ACM},
address = {New York, NY, USA},
}


@inproceedings{Goldwasser1982ProbabilisticEA,
author = {Goldwasser, Shafi and Micali, Silvio},
title = {Probabilistic Encryption \& How to Play Mental Poker Keeping Secret All Partial Information},
year = {1982},
isbn = {0897910702},
publisher = {Association for Computing Machinery},
address = {New York, NY, USA},
url = {https://doi.org/10.1145/800070.802212},
doi = {10.1145/800070.802212},
booktitle = {Proceedings of the Fourteenth Annual ACM Symposium on Theory of Computing},
pages = {365–377},
numpages = {13},
location = {San Francisco, California, USA},
series = {STOC ’82}
}


@inproceedings{Naccache:1998,
 author = {Naccache, David and Stern, Jacques},
 title = {A New Public Key Cryptosystem Based on Higher Residues},
 booktitle = {Proceedings of the 5th ACM Conference on Computer and Communications Security},
 series = {CCS '98},
 year = {1998},
 isbn = {1-58113-007-4},
 location = {San Francisco, California, USA},
 pages = {59--66},
 numpages = {8},
 url = {http://doi.acm.org/10.1145/288090.288106},
 doi = {10.1145/288090.288106},
 acmid = {288106},
 publisher = {ACM},
 address = {New York, NY, USA},
} 

@inproceedings{kurosawa2012uc,
  title={UC-secure searchable symmetric encryption},
  author={Kurosawa, Kaoru and Ohtaki, Yasuhiro},
  booktitle={International Conference on Financial Cryptography and Data Security},
  pages={285--298},
  year={2012},
  publisher="Springer Berlin Heidelberg",
address="Berlin, Heidelberg",
}


@INPROCEEDINGS{chai2012verifiable, 
author={Q. {Chai} and G. {Gong}}, 
booktitle={2012 IEEE International Conference on Communications (ICC)}, 
title={Verifiable symmetric searchable encryption for semi-honest-but-curious cloud servers}, 
year={2012}, 
volume={}, 
number={}, 
pages={917-922}, 
doi={10.1109/ICC.2012.6364125}, 
ISSN={1550-3607}, 
month={June},
publisher={IEEE},
address={New Jersey, United States}

}


@article{wang2015verifiable,
  title={Verifiable auditing for outsourced database in cloud computing},
  author={Wang, Jianfeng and Chen, Xiaofeng and Huang, Xinyi and You, Ilsun and Xiang, Yang},
  journal={IEEE transactions on computers},
  volume={64},
  number={11},
  pages={3293--3303},
  year={2015},
  publisher={IEEE}
}


@inproceedings{Paillier:1999,
 author = {Paillier, Pascal},
 title = {Public-key Cryptosystems Based on Composite Degree Residuosity Classes},
 booktitle = {Proceedings of the 17th International Conference on Theory and Application of Cryptographic Techniques},
 series = {EUROCRYPT'99},
 year = {1999},
 isbn = {3-540-65889-0},
 location = {Prague, Czech Republic},
 pages = {223--238},
 numpages = {16},
 url = {http://dl.acm.org/citation.cfm?id=1756123.1756146},
 acmid = {1756146},
 publisher = {Springer-Verlag},
 address = {Berlin, Heidelberg},
}


@misc{javallier2017a,
  author = {N1 Analytics},
  title = {{javallier}},
  howpublished = "\url{https://github.com/n1analytics/javallier}",
  year = {2017}, 
  note = "[Online; accessed 01-January-2020]"
}


@misc{impl,
  author = {pkse-searcher},
  title = {{secure-pkse}},
  howpublished = "\url{https://github.com/pkse-searcher/secure-pkse}", 
  note = "[Online; accessed 01-August-2021]"
}

@misc{homoslow2020a,
  author = {Richard Chirgwin},
  title = {{IBM's homomorphic encryption accelerated to run 75 times faster}},
  howpublished = "\url{https://www.theregister.com/2018/03/08/ibm_faster_homomorphic_encryption/}",
  year = {2018}, 
  note = "[Online; accessed 05-January-2020]"
}




@online{google-10000-english,
    author = "Josh Kaufman",
    title = "google-10000-english",
    url  = "https://github.com/first20hours/google-10000-english/blob/master/google-10000-english.txt"
}


@inbook{ullman_2011,
    place={Cambridge},
    title={Data Mining},
    DOI={10.1017/CBO9781139058452.002},
    booktitle={Mining of Massive Datasets},
    publisher={Cambridge University Press},
    address={Cambridge, England},
    author={Rajaraman, Anand and Ullman, Jeffrey David},
    year={2011},
    pages={1–17}
}




@misc{amazon,
  author = {Amazon Web Services, Inc.},
  title = {{Amazon EC2 M5 Instances}},
  howpublished = "\url{https://aws.amazon.com/ec2/instance-types/m5/}",
  year = {2020}, 
  note = "[Online; accessed 02-February-2020]"
}



@misc{rfc,
  author = {I.E.T.F.},
  title = {{Request for Comments (RFC)}},
  howpublished = "\url{https://www.rfc-editor.org/retrieve/bulk/}",
  year = {2020}, 
  note = "[Online; accessed 02-February-2020]"
}




@online{publickey,
    author = "Webopedia.com",
    title = "What is Public-Eey Encryption? Webopedia Definition",
    howpublished = {\url{https://www.webopedia.com/TERM/P/public_key_cryptography.html}},
    url="https://www.webopedia.com/TERM/P/public_key_cryptography.html",
     urldate = {February. 15, 2020},
    lastaccessed = {February. 15, 2020}
}


@online{tfidf,
    author = "Tfidf.com",
    title = "Tf-idf :: A Single-Page Tutorial - Information Retrieval and Text Mining",
    howpublished = {\url{	http://www.tfidf.com/}},
    url="http://www.tfidf.com/",
    urldate = {March. 14, 2020},
    lastaccessed = {March. 14, 2020}
}

@online{randomkey,
    author = "David Schwartz",
    title = "How can encryption involve randomness?",
    howpublished = {\url{https://crypto.stackexchange.com/questions/2686/how-can-encryption-involve-randomness}},
    url="https://crypto.stackexchange.com/questions/2686/how-can-encryption-involve-randomness",
     urldate = {March. 15, 2020},
    lastaccessed = {March. 15, 2020}
}



@online{publickeyimage,
    title = "Public Key Encryption - Tutorialspoint",
    author = "Tutorialspoint.com",
    howpublished = {\url{https://www.tutorialspoint.com/cryptography/public_key_encryption.htm}},
    url = {https://www.tutorialspoint.com/cryptography/public_key_encryption.htm},
    urldate = {February. 15, 2020},
    lastaccessed = {February. 15, 2020}
}






@inproceedings{Bost:2016:FSS:2976749.2978303,
 author = {Bost, Raphael},
 title={$\sum$ o$\varphi$o$\varsigma$: Forward Secure Searchable Encryption},
 booktitle = {Proceedings of the 2016 ACM SIGSAC Conference on Computer and Communications Security},
 series = {CCS '16},
 year = {2016},
 isbn = {978-1-4503-4139-4},
 location = {Vienna, Austria},
 pages = {1143--1154},
 numpages = {12},
 url = {http://doi.acm.org/10.1145/2976749.2978303},
 doi = {10.1145/2976749.2978303},
 acmid = {2978303},
 publisher = {ACM},
 address = {New York, NY, USA},
 keywords = {forward privacy, implementation, provable security, searchable symmetric encryption},
} 

@ARTICLE{zeng2019forward,
author={M. {Zeng} and H. {Qian} and J. {Chen} and K. {Zhang}},
journal={IEEE Transactions on Cloud Computing},
title={Forward Secure Public Key Encryption with Keyword Search for Outsourced Cloud Storage},
year={2019},
volume={},
number={},
pages={1-1},
keywords={Encryption;Cloud computing;Public key;Servers;Keyword search;Cloud Security;Data Security;Public-Key Searchable Encryption;Searchable Encryption;Forward-Security},
doi={10.1109/TCC.2019.2944367},
ISSN={2372-0018},
month={},}


@online{homoiot,
    title = "Homomorphic Encryption - an overview | ScienceDirect Topics",
    author ="Sciencedirect.com",
    howpublished = {\url{https://www.sciencedirect.com/topics/computer-science/homomorphic-encryption}},
    url = {https://www.sciencedirect.com/topics/computer-science/homomorphic-encryption},
    urldate = {February. 15, 2020},
    lastaccessed = {February. 15, 2020}
}




@article{rivest1978data,
  title={On data banks and privacy homomorphisms},
  author={Rivest, Ronald L and Adleman, Len and Dertouzos, Michael L and others},
  journal={Foundations of secure computation},
  volume={4},
  number={11},
  pages={169--180},
  year={1978}
}

@inproceedings{gentry2009fully,
  title={Fully homomorphic encryption using ideal lattices},
  author={Gentry, Craig},
  booktitle={Proceedings of the forty-first annual ACM symposium on Theory of computing},
  pages={169--178},
  year={2009}
}

@article{polyakov2017palisade,
  title={PALISADE lattice cryptography library user manual},
  author={Polyakov, Yuriy and Rohloff, Kurt and Ryan, Gerard W},
  journal={Cybersecurity Research Center, New Jersey Institute ofTechnology (NJIT), Tech. Rep},
  year={2017}
}

@misc{TFHE,
  Title   = {{TFHE}: Fast Fully Homomorphic Encryption Library},
  Author  = {Ilaria Chillotti and  Nicolas Gama and Mariya Georgieva and Malika Izabach{\`e}ne},
  Note    = {https://tfhe.github.io/tfhe/},
  Year    = {August 2016}
}


@inproceedings{curtmola2006,
author = {Curtmola, Reza and Garay, Juan and Kamara, Seny and Ostrovsky, Rafail},
title = {Searchable Symmetric Encryption: Improved Definitions and Efficient Constructions},
year = {2006},
isbn = {1595935185},
publisher = {Association for Computing Machinery},
address = {New York, NY, USA},
url = {https://doi.org/10.1145/1180405.1180417},
doi = {10.1145/1180405.1180417},
booktitle = {Proceedings of the 13th ACM Conference on Computer and Communications Security},
pages = {79–88},
numpages = {10},
keywords = {searchable symmetric encryption, multi-user, searchable encryption, security definitions},
location = {Alexandria, Virginia, USA},
series = {CCS ’06}
}

@inproceedings{chen2015new,
  title={A new general framework for secure public key encryption with keyword search},
  author={Chen, Rongmao and Mu, Yi and Yang, Guomin and Guo, Fuchun and Wang, Xiaofen},
  booktitle={Australasian Conference on Information Security and Privacy},
  pages={59--76},
  year={2015},
  organization={Springer}
}



@article{zhang2019blockchain,
  title={Blockchain-assisted public-key encryption with keyword search against keyword guessing attacks for cloud storage},
  author={Zhang, Yuan and Xu, Chunxiang and Ni, Jianbing and Li, Hongwei and Shen, Xuemin Sherman},
  journal={IEEE Transactions on Cloud Computing},
  year={2019},
  publisher={IEEE}
}

@inproceedings{cash2015leakage,
  title={Leakage-abuse attacks against searchable encryption},
  author={Cash, David and Grubbs, Paul and Perry, Jason and Ristenpart, Thomas},
  booktitle={Proceedings of the 22nd ACM SIGSAC conference on computer and communications security},
  pages={668--679},
  year={2015}
}



@inproceedings{blackstone2020revisiting,
	title="Revisiting Leakage Abuse Attacks.",
	author="Laura {Blackstone} and Seny {Kamara} and Tarik {Moataz}",
	booktitle="Proceedings 2020 Network and Distributed System Security Symposium",
	notes="Sourced from Microsoft Academic - https://academic.microsoft.com/paper/3006791962",
	year="2020"
}

@inproceedings{bost2017forward,
  title={Forward and backward private searchable encryption from constrained cryptographic primitives},
  author={Bost, Rapha{\"e}l and Minaud, Brice and Ohrimenko, Olga},
  booktitle={Proceedings of the 2017 ACM SIGSAC Conference on Computer and Communications Security},
  pages={1465--1482},
  year={2017}
}


@article{bost2019security,
  title={Security-efficiency tradeoffs in searchable encryption},
  author={Bost, Raphael and Fouque, Pierre-Alain},
  journal={Proceedings on Privacy Enhancing Technologies},
  volume={2019},
  number={4},
  pages={132--151},
  year={2019},
  publisher={Sciendo}
}

@article{armknecht2013group,
  title={Group homomorphic encryption: characterizations, impossibility results, and applications},
  author={Armknecht, Frederik and Katzenbeisser, Stefan and Peter, Andreas},
  journal={Designs, codes and cryptography},
  volume={67},
  number={2},
  pages={209--232},
  year={2013},
  publisher={Springer}
}

@inproceedings{lipmaa2010cca1,
  title={On the cca1-security of elgamal and damg{\aa}rd’s elgamal},
  author={Lipmaa, Helger},
  booktitle={International Conference on Information Security and Cryptology},
  pages={18--35},
  year={2010},
  organization={Springer}
}


@article{kiss2019sok,
  title={SoK: Modular and efficient private decision tree evaluation},
  author={Kiss, {\'A}gnes and Naderpour, Masoud and Liu, Jian and Asokan, N and Schneider, Thomas},
  journal={Proceedings on Privacy Enhancing Technologies},
  volume={2019},
  number={2},
  pages={187--208},
  year={2019},
  publisher={Sciendo}
}


@article{chen2020a,
	title="A Blockchain-Based Searchable Public-Key Encryption With Forward and Backward Privacy for Cloud-Assisted Vehicular Social Networks",
	author="Biwen {Chen} and Libing {Wu} and Huaqun {Wang} and Lu {Zhou} and Debiao {He}",
	journal="IEEE Transactions on Vehicular Technology",
	volume="69",
	number="6",
	pages="5813--5825",
	notes="Sourced from Microsoft Academic - https://academic.microsoft.com/paper/3036501423",
	year="2020"
}

@article{miao2019lightweight,
	title="Lightweight Fine-Grained Search Over Encrypted Data in Fog Computing",
	author="Yinbin {Miao} and Jianfeng {Ma} and Ximeng {Liu} and Jian {Weng} and Hongwei {Li} and Hui {Li}",
	journal="IEEE Transactions on Services Computing",
	volume="12",
	number="5",
	pages="772--785",
	notes="Sourced from Microsoft Academic - https://academic.microsoft.com/paper/2796172907",
	year="2019"
}

@article{xu2018lightweight,
	title="Lightweight Searchable Public-Key Encryption for Cloud-Assisted Wireless Sensor Networks",
	author="Peng {Xu} and Shuanghong {He} and Wei {Wang} and Willy {Susilo} and Hai {Jin}",
	journal="IEEE Transactions on Industrial Informatics",
	volume="14",
	number="8",
	pages="3712--3723",
	notes="Sourced from Microsoft Academic - https://academic.microsoft.com/paper/2779765840",
	year="2018"
}

@inproceedings{sun2018practical,
  title={Practical backward-secure searchable encryption from symmetric puncturable encryption},
  author={Sun, Shi-Feng and Yuan, Xingliang and Liu, Joseph K and Steinfeld, Ron and Sakzad, Amin and Vo, Viet and Nepal, Surya},
  booktitle={Proceedings of the 2018 ACM SIGSAC Conference on Computer and Communications Security},
  pages={763--780},
  year={2018}
}

@inproceedings{chamani2018new,
	title="New Constructions for Forward and Backward Private Symmetric Searchable Encryption",
	author="Javad Ghareh {Chamani} and Dimitrios {Papadopoulos} and Charalampos {Papamanthou} and Rasool {Jalili}",
	booktitle="CCS 2018 : The 25th ACM Conference on Computer and Communications Security",
	pages="1038--1055",
	notes="Sourced from Microsoft Academic - https://academic.microsoft.com/paper/2891020614",
	year="2018"
}

@inproceedings{hahn2014searchable,
  title={Searchable encryption with secure and efficient updates},
  author={Hahn, Florian and Kerschbaum, Florian},
  booktitle={Proceedings of the 2014 ACM SIGSAC Conference on Computer and Communications Security},
  pages={310--320},
  year={2014}
}